Account No.,DATE,Transaction Details,CHQ.NO.,Value Date,Withdrawal Amount,Deposit Amount,Balance Amount,.
409000611074',29-Jun-17,TRF FROM  Indiaforensic SERVICES,,29-Jun-17,,"1,000,000.00","1,000,000.00",.
409000611074',30-Jun-17,TRF FROM  Indiaforensic SERVICES,,30-Jun-17,,"1,000,000.00","2,000,000.00",.
409000611074',1-Jul-17,TRF FROM  Indiaforensic SERVICES,,1-Jul-17,,"1,000,000.00","3,000,000.00",.
409000611074',2-Jul-17,TRF FROM  Indiaforensic SERVICES,,2-Jul-17,,"1,000,000.00","4,000,000.00",.
409000611074',3-Jul-17,TRF FROM  Indiaforensic SERVICES,,3-Jul-17,,"1,000,000.00","5,000,000.00",.
409000611074',4-Jul-17,TRF FROM  Indiaforensic SERVICES,,4-Jul-17,,"1,000,000.00","6,000,000.00",.
409000611074',5-Jul-17,TRF FROM  Indiaforensic SERVICES,,5-Jul-17,,"1,000,000.00","7,000,000.00",.
409000611074',6-Jul-17,TRF FROM  Indiaforensic SERVICES,,6-Jul-17,,"1,000,000.00","8,000,000.00",.
409000611074',7-Jul-17,TRF FROM  Indiaforensic SERVICES,,7-Jul-17,,"1,000,000.00","9,000,000.00",.
409000611074',8-Jul-17,TRF FROM  Indiaforensic SERVICES,,8-Jul-17,,"1,000,000.00","10,000,000.00",.
409000611074',9-Jul-17,TRF FROM  Indiaforensic SERVICES,,9-Jul-17,,"1,000,000.00","11,000,000.00",.
409000611074',10-Jul-17,TRF FROM  Indiaforensic SERVICES,,10-Jul-17,,"1,000,000.00","12,000,000.00",.
409000611074',11-Jul-17,TRF FROM  Indiaforensic SERVICES,,11-Jul-17,,"1,000,000.00","13,000,000.00",.
409000611074',12-Jul-17,TRF FROM  Indiaforensic SERVICES,,12-Jul-17,,"1,000,000.00","14,000,000.00",.
409000611074',13-Jul-17,TRF FROM  Indiaforensic SERVICES,,13-Jul-17,,"1,000,000.00","15,000,000.00",.
409000611074',14-Jul-17,TRF FROM  Indiaforensic SERVICES,,14-Jul-17,,"1,000,000.00","16,000,000.00",.
409000611074',15-Jul-17,TRF FROM  Indiaforensic SERVICES,,15-Jul-17,,"1,000,000.00","17,000,000.00",.
409000611074',16-Jul-17,TRF FROM  Indiaforensic SERVICES,,16-Jul-17,,"1,000,000.00","18,000,000.00",.
409000611074',17-Jul-17,TRF FROM  Indiaforensic SERVICES,,17-Jul-17,,"1,000,000.00","19,000,000.00",.
409000611074',18-Jul-17,TRF FROM  Indiaforensic SERVICES,,18-Jul-17,,"1,000,000.00","20,000,000.00",.
409000611074',19-Jul-17,TRF FROM  Indiaforensic SERVICES,,19-Jul-17,,"1,000,000.00","21,000,000.00",.
409000611074',20-Jul-17,TRF FROM  Indiaforensic SERVICES,,20-Jul-17,,"1,000,000.00","22,000,000.00",.
409000611074',21-Jul-17,TRF FROM  Indiaforensic SERVICES,,21-Jul-17,,"1,000,000.00","23,000,000.00",.
409000611074',22-Jul-17,TRF FROM  Indiaforensic SERVICES,,22-Jul-17,,"1,000,000.00","24,000,000.00",.
409000611074',23-Jul-17,TRF FROM  Indiaforensic SERVICES,,23-Jul-17,,"1,000,000.00","25,000,000.00",.
409000611074',24-Jul-17,TRF FROM  Indiaforensic SERVICES,,24-Jul-17,,"1,000,000.00","26,000,000.00",.
409000611074',25-Jul-17,This is Fraud.Inc,,25-Jul-17,"24,000,000",,"3,000,000.00",.
409000611074',26-Jul-17,TRF FROM  Indiaforensic SERVICES,,26-Jul-17,,"1,000,000.00","4,000,000.00",.
409000611074',27-Jul-17,TRF FROM  Indiaforensic SERVICES,,27-Jul-17,,"1,000,000.00","5,000,000.00",.
409000611074',28-Jul-17,TRF FROM  Indiaforensic SERVICES,,28-Jul-17,,"1,000,000.00","6,000,000.00",.
409000611074',29-Jul-17,TRF FROM  Indiaforensic SERVICES,,29-Jul-17,,"1,000,000.00","7,000,000.00",.
409000611074',30-Jul-17,TRF FROM  Indiaforensic SERVICES,,30-Jul-17,,"1,000,000.00","8,000,000.00",.
409000611074',31-Jul-17,TRF FROM  Indiaforensic SERVICES,,31-Jul-17,,"1,000,000.00","9,000,000.00",.
409000611074',1-Aug-17,TRF FROM  Indiaforensic SERVICES,,1-Aug-17,,"1,000,000.00","10,000,000.00",.
409000611074',2-Aug-17,TRF FROM  Indiaforensic SERVICES,,2-Aug-17,,"1,000,000.00","11,000,000.00",.
409000611074',3-Aug-17,TRF FROM  Indiaforensic SERVICES,,3-Aug-17,,"1,000,000.00","12,000,000.00",.
409000611074',4-Aug-17,TRF FROM  Indiaforensic SERVICES,,4-Aug-17,,"1,000,000.00","13,000,000.00",.
409000611074',5-Aug-17,TRF FROM  Indiaforensic SERVICES,,5-Aug-17,,"1,000,000.00","14,000,000.00",.
409000611074',6-Aug-17,TRF FROM  Indiaforensic SERVICES,,6-Aug-17,,"1,000,000.00","15,000,000.00",.
409000611074',7-Aug-17,TRF FROM  Indiaforensic SERVICES,,7-Aug-17,,"1,000,000.00","16,000,000.00",.
409000611074',8-Aug-17,TRF FROM  Indiaforensic SERVICES,,8-Aug-17,,"1,000,000.00","17,000,000.00",.
409000611074',9-Aug-17,TRF FROM  Indiaforensic SERVICES,,9-Aug-17,,"1,000,000.00","18,000,000.00",.
409000611074',10-Aug-17,TRF FROM  Indiaforensic SERVICES,,10-Aug-17,,"1,000,000.00","19,000,000.00",.
409000611074',11-Aug-17,TRF FROM  Indiaforensic SERVICES,,11-Aug-17,,"1,000,000.00","20,000,000.00",.
409000611074',12-Aug-17,TRF FROM  Indiaforensic SERVICES,,12-Aug-17,,"1,000,000.00","21,000,000.00",.
409000611074',13-Aug-17,TRF FROM  Indiaforensic SERVICES,,13-Aug-17,,"1,000,000.00","22,000,000.00",.
409000611074',14-Aug-17,TRF FROM  Indiaforensic SERVICES,,14-Aug-17,,"1,000,000.00","23,000,000.00",.
409000611074',15-Aug-17,TRF FROM  Indiaforensic SERVICES,,15-Aug-17,,"1,000,000.00","24,000,000.00",.
409000611074',16-Aug-17,TRF FROM  Indiaforensic SERVICES,,16-Aug-17,,"1,000,000.00","25,000,000.00",.
409000611074',17-Aug-17,TRF FROM  Indiaforensic SERVICES,,17-Aug-17,,"1,000,000.00","26,000,000.00",.
409000611074',18-Aug-17,TRF FROM  Indiaforensic SERVICES,,18-Aug-17,,"1,000,000.00","27,000,000.00",.
409000611074',19-Aug-17,TRF FROM  Indiaforensic SERVICES,,19-Aug-17,,"1,000,000.00","28,000,000.00",.
409000611074',20-Aug-17,TRF FROM  Indiaforensic SERVICES,,20-Aug-17,,"1,000,000.00","29,000,000.00",.
409000611074',21-Aug-17,TRF FROM  Indiaforensic SERVICES,,21-Aug-17,,"1,000,000.00","30,000,000.00",.
409000611074',22-Aug-17,TRF FROM  Indiaforensic SERVICES,,22-Aug-17,,"1,000,000.00","31,000,000.00",.
409000611074',23-Aug-17,TRF FROM  Indiaforensic SERVICES,,23-Aug-17,,"1,000,000.00","32,000,000.00",.
409000611074',24-Aug-17,TRF FROM  Indiaforensic SERVICES,,24-Aug-17,,"1,000,000.00","33,000,000.00",.
409000611074',25-Aug-17,TRF FROM  Indiaforensic SERVICES,,25-Aug-17,,"1,000,000.00","34,000,000.00",.
409000611074',26-Aug-17,TRF FROM  Indiaforensic SERVICES,,26-Aug-17,,"1,000,000.00","35,000,000.00",.
409000611074',27-Aug-17,TRF FROM  Indiaforensic SERVICES,,27-Aug-17,,"1,000,000.00","36,000,000.00",.
409000611074',28-Aug-17,TRF FROM  Indiaforensic SERVICES,,28-Aug-17,,"1,000,000.00","37,000,000.00",.
409000611074',29-Aug-17,TRF FROM  Indiaforensic SERVICES,,29-Aug-17,,"1,000,000.00","38,000,000.00",.
409000611074',30-Aug-17,TRF FROM  Indiaforensic SERVICES,,30-Aug-17,,"1,000,000.00","39,000,000.00",.
409000611074',31-Aug-17,TRF FROM  Indiaforensic SERVICES,,31-Aug-17,,"1,000,000.00","40,000,000.00",.
409000611074',1-Sep-17,TRF FROM  Indiaforensic SERVICES,,1-Sep-17,,"1,000,000.00","41,000,000.00",.
409000611074',2-Sep-17,TRF FROM  Indiaforensic SERVICES,,2-Sep-17,,"1,000,000.00","42,000,000.00",.
409000611074',3-Sep-17,TRF FROM  Indiaforensic SERVICES,,3-Sep-17,,"1,000,000.00","43,000,000.00",.
409000611074',4-Sep-17,TRF FROM  Indiaforensic SERVICES,,4-Sep-17,,"1,000,000.00","44,000,000.00",.
409000611074',5-Sep-17,TRF FROM  Indiaforensic SERVICES,,5-Sep-17,,"1,000,000.00","45,000,000.00",.
409000611074',6-Sep-17,TRF FROM  Indiaforensic SERVICES,,6-Sep-17,,"1,000,000.00","46,000,000.00",.
409000611074',7-Sep-17,TRF FROM  Indiaforensic SERVICES,,7-Sep-17,,"1,000,000.00","47,000,000.00",.
409000611074',8-Sep-17,TRF FROM  Indiaforensic SERVICES,,8-Sep-17,,"1,000,000.00","48,000,000.00",.
409000611074',9-Sep-17,TRF FROM  Indiaforensic SERVICES,,9-Sep-17,,"1,000,000.00","49,000,000.00",.
409000611074',10-Sep-17,TRF FROM  Indiaforensic SERVICES,,10-Sep-17,,"1,000,000.00","50,000,000.00",.
409000611074',11-Sep-17,TRF FROM  Indiaforensic SERVICES,,11-Sep-17,,"1,000,000.00","51,000,000.00",.
409000611074',12-Sep-17,TRF FROM  Indiaforensic SERVICES,,12-Sep-17,,"1,000,000.00","52,000,000.00",.
409000611074',13-Sep-17,TRF FROM  Indiaforensic SERVICES,,13-Sep-17,,"1,000,000.00","53,000,000.00",.
409000611074',14-Sep-17,TRF FROM  Indiaforensic SERVICES,,14-Sep-17,,"1,000,000.00","54,000,000.00",.
409000611074',15-Sep-17,TRF FROM  Indiaforensic SERVICES,,15-Sep-17,,"1,000,000.00","55,000,000.00",.
409000611074',16-Sep-17,TRF FROM  Indiaforensic SERVICES,,16-Sep-17,,"1,000,000.00","56,000,000.00",.
409000611074',17-Sep-17,TRF FROM  Indiaforensic SERVICES,,17-Sep-17,,"1,000,000.00","57,000,000.00",.
409000611074',18-Sep-17,TRF FROM  Indiaforensic SERVICES,,18-Sep-17,,"1,000,000.00","58,000,000.00",.
409000611074',19-Sep-17,TRF FROM  Indiaforensic SERVICES,,19-Sep-17,,"1,000,000.00","59,000,000.00",.
409000611074',20-Sep-17,TRF FROM  Indiaforensic SERVICES,,20-Sep-17,,"1,000,000.00","60,000,000.00",.
409000611074',21-Sep-17,TRF FROM  Indiaforensic SERVICES,,21-Sep-17,,"1,000,000.00","61,000,000.00",.
409000611074',22-Sep-17,TRF FROM  Indiaforensic SERVICES,,22-Sep-17,,"1,000,000.00","62,000,000.00",.
409000611074',23-Sep-17,TRF FROM  Indiaforensic SERVICES,,23-Sep-17,,"1,000,000.00","63,000,000.00",.
409000611074',24-Sep-17,TRF FROM  Indiaforensic SERVICES,,24-Sep-17,,"1,000,000.00","64,000,000.00",.
409000611074',25-Sep-17,TRF FROM  Indiaforensic SERVICES,,25-Sep-17,,"1,000,000.00","65,000,000.00",.
409000611074',26-Sep-17,TRF FROM  Indiaforensic SERVICES,,26-Sep-17,,"1,000,000.00","66,000,000.00",.
409000611074',27-Sep-17,TRF FROM  Indiaforensic SERVICES,,27-Sep-17,,"1,000,000.00","67,000,000.00",.
409000611074',28-Sep-17,TRF FROM  Indiaforensic SERVICES,,28-Sep-17,,"1,000,000.00","68,000,000.00",.
409000611074',29-Sep-17,TRF FROM  Indiaforensic SERVICES,,29-Sep-17,,"1,000,000.00","69,000,000.00",.
409000611074',30-Sep-17,TRF FROM  Indiaforensic SERVICES,,30-Sep-17,,"1,000,000.00","70,000,000.00",.
409000611074',1-Oct-17,TRF FROM  Indiaforensic SERVICES,,1-Oct-17,,"1,000,000.00","71,000,000.00",.
409000611074',2-Oct-17,TRF FROM  Indiaforensic SERVICES,,2-Oct-17,,"1,000,000.00","72,000,000.00",.
409000611074',3-Oct-17,TRF FROM  Indiaforensic SERVICES,,3-Oct-17,,"1,000,000.00","73,000,000.00",.
409000611074',4-Oct-17,TRF FROM  Indiaforensic SERVICES,,4-Oct-17,,"1,000,000.00","74,000,000.00",.
409000611074',5-Oct-17,TRF FROM  Indiaforensic SERVICES,,5-Oct-17,,"1,000,000.00","75,000,000.00",.
409000611074',6-Oct-17,TRF FROM  Indiaforensic SERVICES,,6-Oct-17,,"1,000,000.00","76,000,000.00",.
409000611074',7-Oct-17,TRF FROM  Indiaforensic SERVICES,,7-Oct-17,,"1,000,000.00","77,000,000.00",.
409000611074',8-Oct-17,TRF FROM  Indiaforensic SERVICES,,8-Oct-17,,"1,000,000.00","78,000,000.00",.
409000611074',9-Oct-17,TRF FROM  Indiaforensic SERVICES,,9-Oct-17,,"1,000,000.00","79,000,000.00",.
409000611074',10-Oct-17,TRF FROM  Indiaforensic SERVICES,,10-Oct-17,,"1,000,000.00","80,000,000.00",.
409000611074',11-Oct-17,TRF FROM  Indiaforensic SERVICES,,11-Oct-17,,"1,000,000.00","81,000,000.00",.
409000611074',12-Oct-17,TRF FROM  Indiaforensic SERVICES,,12-Oct-17,,"1,000,000.00","82,000,000.00",.
409000611074',13-Oct-17,TRF FROM  Indiaforensic SERVICES,,13-Oct-17,,"1,000,000.00","83,000,000.00",.
409000611074',14-Oct-17,TRF FROM  Indiaforensic SERVICES,,14-Oct-17,,"1,000,000.00","84,000,000.00",.
409000611074',15-Oct-17,TRF FROM  Indiaforensic SERVICES,,15-Oct-17,,"1,000,000.00","85,000,000.00",.
409000611074',16-Oct-17,TRF FROM  Indiaforensic SERVICES,,16-Oct-17,,"1,000,000.00","86,000,000.00",.
409000611074',17-Oct-17,TRF FROM  Indiaforensic SERVICES,,17-Oct-17,,"1,000,000.00","87,000,000.00",.
409000611074',18-Oct-17,TRF FROM  Indiaforensic SERVICES,,18-Oct-17,,"1,000,000.00","88,000,000.00",.
409000611074',19-Oct-17,TRF FROM  Indiaforensic SERVICES,,19-Oct-17,,"1,000,000.00","89,000,000.00",.
409000611074',20-Oct-17,TRF FROM  Indiaforensic SERVICES,,20-Oct-17,,"1,000,000.00","90,000,000.00",.
409000611074',21-Oct-17,TRF FROM  Indiaforensic SERVICES,,21-Oct-17,,"1,000,000.00","91,000,000.00",.
409000611074',22-Oct-17,TRF FROM  Indiaforensic SERVICES,,22-Oct-17,,"1,000,000.00","92,000,000.00",.
409000611074',23-Oct-17,TRF FROM  Indiaforensic SERVICES,,23-Oct-17,,"1,000,000.00","93,000,000.00",.
409000611074',24-Oct-17,TRF FROM  Indiaforensic SERVICES,,24-Oct-17,,"1,000,000.00","94,000,000.00",.
409000611074',25-Oct-17,This is Fraud.Inc,,25-Oct-17,"93,000,000",,"1,000,000.00",.
409000619567',29-Jun-17,TRF FROM  Indiaforensic SERVICES,,29-Jun-17,,"1,000,000.00","1,000,000.00",
409000619567',30-Jun-17,TRF FROM  Indiaforensic SERVICES,,30-Jun-17,,"1,000,000.00","2,000,000.00",
409000619567',1-Jul-17,TRF FROM  Indiaforensic SERVICES,,1-Jul-17,,"1,000,000.00","3,000,000.00",
409000619567',2-Jul-17,TRF FROM  Indiaforensic SERVICES,,2-Jul-17,,"1,000,000.00","4,000,000.00",
409000619567',3-Jul-17,TRF FROM  Indiaforensic SERVICES,,3-Jul-17,,"1,000,000.00","5,000,000.00",
409000619567',4-Jul-17,TRF FROM  Indiaforensic SERVICES,,4-Jul-17,,"1,000,000.00","6,000,000.00",
409000619567',5-Jul-17,TRF FROM  Indiaforensic SERVICES,,5-Jul-17,,"1,000,000.00","7,000,000.00",
409000619567',6-Jul-17,TRF FROM  Indiaforensic SERVICES,,6-Jul-17,,"1,000,000.00","8,000,000.00",
409000619567',7-Jul-17,TRF FROM  Indiaforensic SERVICES,,7-Jul-17,,"1,000,000.00","9,000,000.00",
409000619567',8-Jul-17,TRF FROM  Indiaforensic SERVICES,,8-Jul-17,,"1,000,000.00","10,000,000.00",
409000619567',9-Jul-17,TRF FROM  Indiaforensic SERVICES,,9-Jul-17,,"1,000,000.00","11,000,000.00",
409000619567',10-Jul-17,TRF FROM  Indiaforensic SERVICES,,10-Jul-17,,"1,000,000.00","12,000,000.00",
409000619567',11-Jul-17,TRF FROM  Indiaforensic SERVICES,,11-Jul-17,,"1,000,000.00","13,000,000.00",
409000619567',12-Jul-17,TRF FROM  Indiaforensic SERVICES,,12-Jul-17,,"1,000,000.00","14,000,000.00",
409000619567',13-Jul-17,TRF FROM  Indiaforensic SERVICES,,13-Jul-17,,"1,000,000.00","15,000,000.00",
409000619567',14-Jul-17,TRF FROM  Indiaforensic SERVICES,,14-Jul-17,,"1,000,000.00","16,000,000.00",
409000619567',15-Jul-17,TRF FROM  Indiaforensic SERVICES,,15-Jul-17,,"1,000,000.00","17,000,000.00",
409000619567',16-Jul-17,TRF FROM  Indiaforensic SERVICES,,16-Jul-17,,"1,000,000.00","18,000,000.00",
409000619567',17-Jul-17,TRF FROM  Indiaforensic SERVICES,,17-Jul-17,,"1,000,000.00","19,000,000.00",
409000619567',18-Jul-17,TRF FROM  Indiaforensic SERVICES,,18-Jul-17,,"1,000,000.00","20,000,000.00",
409000619567',19-Jul-17,TRF FROM  Indiaforensic SERVICES,,19-Jul-17,,"1,000,000.00","21,000,000.00",
409000619567',20-Jul-17,TRF FROM  Indiaforensic SERVICES,,20-Jul-17,,"1,000,000.00","22,000,000.00",
409000619567',21-Jul-17,TRF FROM  Indiaforensic SERVICES,,21-Jul-17,,"1,000,000.00","23,000,000.00",
409000619567',22-Jul-17,TRF FROM  Indiaforensic SERVICES,,22-Jul-17,,"1,000,000.00","24,000,000.00",
409000619567',23-Jul-17,TRF FROM  Indiaforensic SERVICES,,23-Jul-17,,"1,000,000.00","25,000,000.00",
409000619567',24-Jul-17,TRF FROM  Indiaforensic SERVICES,,24-Jul-17,,"1,000,000.00","26,000,000.00",
409000619567',25-Jul-17,This is Fraud.Inc,,25-Jul-17,"24,000,000",,"3,000,000.00",
409000619567',26-Jul-17,TRF FROM  Indiaforensic SERVICES,,26-Jul-17,,"1,000,000.00","4,000,000.00",
409000619567',27-Jul-17,TRF FROM  Indiaforensic SERVICES,,27-Jul-17,,"1,000,000.00","5,000,000.00",
409000619567',28-Jul-17,TRF FROM  Indiaforensic SERVICES,,28-Jul-17,,"1,000,000.00","6,000,000.00",
409000619567',29-Jul-17,TRF FROM  Indiaforensic SERVICES,,29-Jul-17,,"1,000,000.00","7,000,000.00",
409000619567',30-Jul-17,TRF FROM  Indiaforensic SERVICES,,30-Jul-17,,"1,000,000.00","8,000,000.00",
409000619567',31-Jul-17,TRF FROM  Indiaforensic SERVICES,,31-Jul-17,,"1,000,000.00","9,000,000.00",
409000619567',1-Aug-17,TRF FROM  Indiaforensic SERVICES,,1-Aug-17,,"1,000,000.00","10,000,000.00",
409000619567',2-Aug-17,TRF FROM  Indiaforensic SERVICES,,2-Aug-17,,"1,000,000.00","11,000,000.00",
409000619567',3-Aug-17,TRF FROM  Indiaforensic SERVICES,,3-Aug-17,,"1,000,000.00","12,000,000.00",
409000619567',4-Aug-17,TRF FROM  Indiaforensic SERVICES,,4-Aug-17,,"1,000,000.00","13,000,000.00",
409000619567',5-Aug-17,TRF FROM  Indiaforensic SERVICES,,5-Aug-17,,"1,000,000.00","14,000,000.00",
409000619567',6-Aug-17,TRF FROM  Indiaforensic SERVICES,,6-Aug-17,,"1,000,000.00","15,000,000.00",
409000619567',7-Aug-17,TRF FROM  Indiaforensic SERVICES,,7-Aug-17,,"1,000,000.00","16,000,000.00",
409000619567',8-Aug-17,TRF FROM  Indiaforensic SERVICES,,8-Aug-17,,"1,000,000.00","17,000,000.00",
409000619567',9-Aug-17,TRF FROM  Indiaforensic SERVICES,,9-Aug-17,,"1,000,000.00","18,000,000.00",
409000619567',10-Aug-17,TRF FROM  Indiaforensic SERVICES,,10-Aug-17,,"1,000,000.00","19,000,000.00",
409000619567',11-Aug-17,TRF FROM  Indiaforensic SERVICES,,11-Aug-17,,"1,000,000.00","20,000,000.00",
409000619567',12-Aug-17,TRF FROM  Indiaforensic SERVICES,,12-Aug-17,,"1,000,000.00","21,000,000.00",
409000619567',13-Aug-17,TRF FROM  Indiaforensic SERVICES,,13-Aug-17,,"1,000,000.00","22,000,000.00",
409000619567',14-Aug-17,TRF FROM  Indiaforensic SERVICES,,14-Aug-17,,"1,000,000.00","23,000,000.00",
409000619567',15-Aug-17,TRF FROM  Indiaforensic SERVICES,,15-Aug-17,,"1,000,000.00","24,000,000.00",
409000619567',16-Aug-17,TRF FROM  Indiaforensic SERVICES,,16-Aug-17,,"1,000,000.00","25,000,000.00",
409000619567',17-Aug-17,TRF FROM  Indiaforensic SERVICES,,17-Aug-17,,"1,000,000.00","26,000,000.00",
409000619567',18-Aug-17,TRF FROM  Indiaforensic SERVICES,,18-Aug-17,,"1,000,000.00","27,000,000.00",
409000619567',19-Aug-17,TRF FROM  Indiaforensic SERVICES,,19-Aug-17,,"1,000,000.00","28,000,000.00",
409000619567',20-Aug-17,TRF FROM  Indiaforensic SERVICES,,20-Aug-17,,"1,000,000.00","29,000,000.00",
409000619567',21-Aug-17,TRF FROM  Indiaforensic SERVICES,,21-Aug-17,,"1,000,000.00","30,000,000.00",
409000619567',22-Aug-17,TRF FROM  Indiaforensic SERVICES,,22-Aug-17,,"1,000,000.00","31,000,000.00",
409000619567',23-Aug-17,TRF FROM  Indiaforensic SERVICES,,23-Aug-17,,"1,000,000.00","32,000,000.00",
409000619567',24-Aug-17,TRF FROM  Indiaforensic SERVICES,,24-Aug-17,,"1,000,000.00","33,000,000.00",
409000619567',25-Aug-17,TRF FROM  Indiaforensic SERVICES,,25-Aug-17,,"1,000,000.00","34,000,000.00",
409000619567',26-Aug-17,TRF FROM  Indiaforensic SERVICES,,26-Aug-17,,"1,000,000.00","35,000,000.00",
409000619567',27-Aug-17,TRF FROM  Indiaforensic SERVICES,,27-Aug-17,,"1,000,000.00","36,000,000.00",
409000619567',28-Aug-17,TRF FROM  Indiaforensic SERVICES,,28-Aug-17,,"1,000,000.00","37,000,000.00",
409000619567',29-Aug-17,TRF FROM  Indiaforensic SERVICES,,29-Aug-17,,"1,000,000.00","38,000,000.00",
409000619567',30-Aug-17,TRF FROM  Indiaforensic SERVICES,,30-Aug-17,,"1,000,000.00","39,000,000.00",
409000619567',31-Aug-17,TRF FROM  Indiaforensic SERVICES,,31-Aug-17,,"1,000,000.00","40,000,000.00",
409000619567',1-Sep-17,TRF FROM  Indiaforensic SERVICES,,1-Sep-17,,"1,000,000.00","41,000,000.00",
409000619567',2-Sep-17,TRF FROM  Indiaforensic SERVICES,,2-Sep-17,,"1,000,000.00","42,000,000.00",
409000619567',3-Sep-17,TRF FROM  Indiaforensic SERVICES,,3-Sep-17,,"1,000,000.00","43,000,000.00",
409000619567',4-Sep-17,TRF FROM  Indiaforensic SERVICES,,4-Sep-17,,"1,000,000.00","44,000,000.00",
409000619567',5-Sep-17,TRF FROM  Indiaforensic SERVICES,,5-Sep-17,,"1,000,000.00","45,000,000.00",
409000619567',6-Sep-17,TRF FROM  Indiaforensic SERVICES,,6-Sep-17,,"1,000,000.00","46,000,000.00",
409000619567',7-Sep-17,TRF FROM  Indiaforensic SERVICES,,7-Sep-17,,"1,000,000.00","47,000,000.00",
409000619567',8-Sep-17,TRF FROM  Indiaforensic SERVICES,,8-Sep-17,,"1,000,000.00","48,000,000.00",
409000619567',9-Sep-17,TRF FROM  Indiaforensic SERVICES,,9-Sep-17,,"1,000,000.00","49,000,000.00",
409000619567',10-Sep-17,TRF FROM  Indiaforensic SERVICES,,10-Sep-17,,"1,000,000.00","50,000,000.00",
409000619567',11-Sep-17,TRF FROM  Indiaforensic SERVICES,,11-Sep-17,,"1,000,000.00","51,000,000.00",
409000619567',12-Sep-17,TRF FROM  Indiaforensic SERVICES,,12-Sep-17,,"1,000,000.00","52,000,000.00",
409000619567',13-Sep-17,TRF FROM  Indiaforensic SERVICES,,13-Sep-17,,"1,000,000.00","53,000,000.00",
409000619567',14-Sep-17,TRF FROM  Indiaforensic SERVICES,,14-Sep-17,,"1,000,000.00","54,000,000.00",
409000619567',15-Sep-17,TRF FROM  Indiaforensic SERVICES,,15-Sep-17,,"1,000,000.00","55,000,000.00",
409000619567',16-Sep-17,TRF FROM  Indiaforensic SERVICES,,16-Sep-17,,"1,000,000.00","56,000,000.00",
409000619567',17-Sep-17,TRF FROM  Indiaforensic SERVICES,,17-Sep-17,,"1,000,000.00","57,000,000.00",
409000619567',18-Sep-17,TRF FROM  Indiaforensic SERVICES,,18-Sep-17,,"1,000,000.00","58,000,000.00",
409000619567',19-Sep-17,TRF FROM  Indiaforensic SERVICES,,19-Sep-17,,"1,000,000.00","59,000,000.00",
409000619567',20-Sep-17,TRF FROM  Indiaforensic SERVICES,,20-Sep-17,,"1,000,000.00","60,000,000.00",
409000619567',21-Sep-17,TRF FROM  Indiaforensic SERVICES,,21-Sep-17,,"1,000,000.00","61,000,000.00",
409000619567',22-Sep-17,TRF FROM  Indiaforensic SERVICES,,22-Sep-17,,"1,000,000.00","62,000,000.00",
409000619567',23-Sep-17,TRF FROM  Indiaforensic SERVICES,,23-Sep-17,,"1,000,000.00","63,000,000.00",
409000619567',24-Sep-17,TRF FROM  Indiaforensic SERVICES,,24-Sep-17,,"1,000,000.00","64,000,000.00",
409000619567',25-Sep-17,TRF FROM  Indiaforensic SERVICES,,25-Sep-17,,"1,000,000.00","65,000,000.00",
409000619567',26-Sep-17,TRF FROM  Indiaforensic SERVICES,,26-Sep-17,,"1,000,000.00","66,000,000.00",
409000619567',27-Sep-17,TRF FROM  Indiaforensic SERVICES,,27-Sep-17,,"1,000,000.00","67,000,000.00",
409000619567',28-Sep-17,TRF FROM  Indiaforensic SERVICES,,28-Sep-17,,"1,000,000.00","68,000,000.00",
409000619567',29-Sep-17,TRF FROM  Indiaforensic SERVICES,,29-Sep-17,,"1,000,000.00","69,000,000.00",
409000619567',30-Sep-17,TRF FROM  Indiaforensic SERVICES,,30-Sep-17,,"1,000,000.00","70,000,000.00",
409000619567',1-Oct-17,TRF FROM  Indiaforensic SERVICES,,1-Oct-17,,"1,000,000.00","71,000,000.00",
409000619567',2-Oct-17,TRF FROM  Indiaforensic SERVICES,,2-Oct-17,,"1,000,000.00","72,000,000.00",
409000619567',3-Oct-17,TRF FROM  Indiaforensic SERVICES,,3-Oct-17,,"1,000,000.00","73,000,000.00",
409000619567',4-Oct-17,TRF FROM  Indiaforensic SERVICES,,4-Oct-17,,"1,000,000.00","74,000,000.00",
409000619567',5-Oct-17,TRF FROM  Indiaforensic SERVICES,,5-Oct-17,,"1,000,000.00","75,000,000.00",
409000619567',6-Oct-17,TRF FROM  Indiaforensic SERVICES,,6-Oct-17,,"1,000,000.00","76,000,000.00",
409000619567',7-Oct-17,TRF FROM  Indiaforensic SERVICES,,7-Oct-17,,"1,000,000.00","77,000,000.00",
409000619567',8-Oct-17,TRF FROM  Indiaforensic SERVICES,,8-Oct-17,,"1,000,000.00","78,000,000.00",
409000619567',9-Oct-17,TRF FROM  Indiaforensic SERVICES,,9-Oct-17,,"1,000,000.00","79,000,000.00",
409000619567',10-Oct-17,TRF FROM  Indiaforensic SERVICES,,10-Oct-17,,"1,000,000.00","80,000,000.00",
409000619567',11-Oct-17,TRF FROM  Indiaforensic SERVICES,,11-Oct-17,,"1,000,000.00","81,000,000.00",
409000619567',12-Oct-17,TRF FROM  Indiaforensic SERVICES,,12-Oct-17,,"1,000,000.00","82,000,000.00",
409000619567',13-Oct-17,TRF FROM  Indiaforensic SERVICES,,13-Oct-17,,"1,000,000.00","83,000,000.00",
409000619567',14-Oct-17,TRF FROM  Indiaforensic SERVICES,,14-Oct-17,,"1,000,000.00","84,000,000.00",
409000619567',15-Oct-17,TRF FROM  Indiaforensic SERVICES,,15-Oct-17,,"1,000,000.00","85,000,000.00",
409000619567',16-Oct-17,TRF FROM  Indiaforensic SERVICES,,16-Oct-17,,"1,000,000.00","86,000,000.00",
409000619567',17-Oct-17,TRF FROM  Indiaforensic SERVICES,,17-Oct-17,,"1,000,000.00","87,000,000.00",
409000619567',18-Oct-17,TRF FROM  Indiaforensic SERVICES,,18-Oct-17,,"1,000,000.00","88,000,000.00",
409000619567',19-Oct-17,TRF FROM  Indiaforensic SERVICES,,19-Oct-17,,"1,000,000.00","89,000,000.00",
409000619567',20-Oct-17,TRF FROM  Indiaforensic SERVICES,,20-Oct-17,,"1,000,000.00","90,000,000.00",
409000619567',21-Oct-17,TRF FROM  Indiaforensic SERVICES,,21-Oct-17,,"1,000,000.00","91,000,000.00",
409000619567',22-Oct-17,TRF FROM  Indiaforensic SERVICES,,22-Oct-17,,"1,000,000.00","92,000,000.00",
409000619567',23-Oct-17,TRF FROM  Indiaforensic SERVICES,,23-Oct-17,,"1,000,000.00","93,000,000.00",
409000619567',24-Oct-17,TRF FROM  Indiaforensic SERVICES,,24-Oct-17,,"1,000,000.00","94,000,000.00",
409000619567',25-Oct-17,This is Fraud.Inc,,25-Oct-17,"93,000,000",,"1,000,000.00",
409000357643',29-Jun-17,TRF FROM  Indiaforensic SERVICES,,29-Jun-17,,"1,000,000.00","1,000,000.00",
409000357643',30-Jun-17,TRF FROM  Indiaforensic SERVICES,,30-Jun-17,,"1,000,000.00","2,000,000.00",
409000357643',1-Jul-17,TRF FROM  Indiaforensic SERVICES,,1-Jul-17,,"1,000,000.00","3,000,000.00",
409000357643',2-Jul-17,TRF FROM  Indiaforensic SERVICES,,2-Jul-17,,"1,000,000.00","4,000,000.00",
409000357643',3-Jul-17,TRF FROM  Indiaforensic SERVICES,,3-Jul-17,,"1,000,000.00","5,000,000.00",
409000357643',4-Jul-17,TRF FROM  Indiaforensic SERVICES,,4-Jul-17,,"1,000,000.00","6,000,000.00",
409000357643',5-Jul-17,TRF FROM  Indiaforensic SERVICES,,5-Jul-17,,"1,000,000.00","7,000,000.00",
409000357643',6-Jul-17,TRF FROM  Indiaforensic SERVICES,,6-Jul-17,,"1,000,000.00","8,000,000.00",
409000357643',7-Jul-17,TRF FROM  Indiaforensic SERVICES,,7-Jul-17,,"1,000,000.00","9,000,000.00",
409000357643',8-Jul-17,TRF FROM  Indiaforensic SERVICES,,8-Jul-17,,"1,000,000.00","10,000,000.00",
409000357643',9-Jul-17,TRF FROM  Indiaforensic SERVICES,,9-Jul-17,,"1,000,000.00","11,000,000.00",
409000357643',10-Jul-17,TRF FROM  Indiaforensic SERVICES,,10-Jul-17,,"1,000,000.00","12,000,000.00",
409000357643',11-Jul-17,TRF FROM  Indiaforensic SERVICES,,11-Jul-17,,"1,000,000.00","13,000,000.00",
409000357643',12-Jul-17,TRF FROM  Indiaforensic SERVICES,,12-Jul-17,,"1,000,000.00","14,000,000.00",
409000357643',13-Jul-17,TRF FROM  Indiaforensic SERVICES,,13-Jul-17,,"1,000,000.00","15,000,000.00",
409000357643',14-Jul-17,TRF FROM  Indiaforensic SERVICES,,14-Jul-17,,"1,000,000.00","16,000,000.00",
409000357643',15-Jul-17,TRF FROM  Indiaforensic SERVICES,,15-Jul-17,,"1,000,000.00","17,000,000.00",
409000357643',16-Jul-17,TRF FROM  Indiaforensic SERVICES,,16-Jul-17,,"1,000,000.00","18,000,000.00",
409000357643',17-Jul-17,TRF FROM  Indiaforensic SERVICES,,17-Jul-17,,"1,000,000.00","19,000,000.00",
409000357643',18-Jul-17,TRF FROM  Indiaforensic SERVICES,,18-Jul-17,,"1,000,000.00","20,000,000.00",
409000357643',19-Jul-17,TRF FROM  Indiaforensic SERVICES,,19-Jul-17,,"1,000,000.00","21,000,000.00",
409000357643',20-Jul-17,TRF FROM  Indiaforensic SERVICES,,20-Jul-17,,"1,000,000.00","22,000,000.00",
409000357643',21-Jul-17,TRF FROM  Indiaforensic SERVICES,,21-Jul-17,,"1,000,000.00","23,000,000.00",
409000357643',22-Jul-17,TRF FROM  Indiaforensic SERVICES,,22-Jul-17,,"1,000,000.00","24,000,000.00",
409000357643',23-Jul-17,TRF FROM  Indiaforensic SERVICES,,23-Jul-17,,"1,000,000.00","25,000,000.00",
409000357643',24-Jul-17,TRF FROM  Indiaforensic SERVICES,,24-Jul-17,,"1,000,000.00","26,000,000.00",
409000357643',25-Jul-17,This is Fraud.Inc,,25-Jul-17,"24,000,000",,"3,000,000.00",
409000357643',26-Jul-17,TRF FROM  Indiaforensic SERVICES,,26-Jul-17,,"1,000,000.00","4,000,000.00",
409000357643',27-Jul-17,TRF FROM  Indiaforensic SERVICES,,27-Jul-17,,"1,000,000.00","5,000,000.00",
409000357643',28-Jul-17,TRF FROM  Indiaforensic SERVICES,,28-Jul-17,,"1,000,000.00","6,000,000.00",
409000357643',29-Jul-17,TRF FROM  Indiaforensic SERVICES,,29-Jul-17,,"1,000,000.00","7,000,000.00",
409000357643',30-Jul-17,TRF FROM  Indiaforensic SERVICES,,30-Jul-17,,"1,000,000.00","8,000,000.00",
409000357643',31-Jul-17,TRF FROM  Indiaforensic SERVICES,,31-Jul-17,,"1,000,000.00","9,000,000.00",
409000357643',1-Aug-17,TRF FROM  Indiaforensic SERVICES,,1-Aug-17,,"1,000,000.00","10,000,000.00",
409000357643',2-Aug-17,TRF FROM  Indiaforensic SERVICES,,2-Aug-17,,"1,000,000.00","11,000,000.00",
409000357643',3-Aug-17,TRF FROM  Indiaforensic SERVICES,,3-Aug-17,,"1,000,000.00","12,000,000.00",
409000357643',4-Aug-17,TRF FROM  Indiaforensic SERVICES,,4-Aug-17,,"1,000,000.00","13,000,000.00",
409000357643',5-Aug-17,TRF FROM  Indiaforensic SERVICES,,5-Aug-17,,"1,000,000.00","14,000,000.00",
409000357643',6-Aug-17,TRF FROM  Indiaforensic SERVICES,,6-Aug-17,,"1,000,000.00","15,000,000.00",
409000357643',7-Aug-17,TRF FROM  Indiaforensic SERVICES,,7-Aug-17,,"1,000,000.00","16,000,000.00",
409000357643',8-Aug-17,TRF FROM  Indiaforensic SERVICES,,8-Aug-17,,"1,000,000.00","17,000,000.00",
409000357643',9-Aug-17,TRF FROM  Indiaforensic SERVICES,,9-Aug-17,,"1,000,000.00","18,000,000.00",
409000357643',10-Aug-17,TRF FROM  Indiaforensic SERVICES,,10-Aug-17,,"1,000,000.00","19,000,000.00",
409000357643',11-Aug-17,TRF FROM  Indiaforensic SERVICES,,11-Aug-17,,"1,000,000.00","20,000,000.00",
409000357643',12-Aug-17,TRF FROM  Indiaforensic SERVICES,,12-Aug-17,,"1,000,000.00","21,000,000.00",
409000357643',13-Aug-17,TRF FROM  Indiaforensic SERVICES,,13-Aug-17,,"1,000,000.00","22,000,000.00",
409000357643',14-Aug-17,TRF FROM  Indiaforensic SERVICES,,14-Aug-17,,"1,000,000.00","23,000,000.00",
409000357643',15-Aug-17,TRF FROM  Indiaforensic SERVICES,,15-Aug-17,,"1,000,000.00","24,000,000.00",
409000357643',16-Aug-17,TRF FROM  Indiaforensic SERVICES,,16-Aug-17,,"1,000,000.00","25,000,000.00",
409000357643',17-Aug-17,TRF FROM  Indiaforensic SERVICES,,17-Aug-17,,"1,000,000.00","26,000,000.00",
409000357643',18-Aug-17,TRF FROM  Indiaforensic SERVICES,,18-Aug-17,,"1,000,000.00","27,000,000.00",
409000357643',19-Aug-17,TRF FROM  Indiaforensic SERVICES,,19-Aug-17,,"1,000,000.00","28,000,000.00",
409000357643',20-Aug-17,TRF FROM  Indiaforensic SERVICES,,20-Aug-17,,"1,000,000.00","29,000,000.00",
409000357643',21-Aug-17,TRF FROM  Indiaforensic SERVICES,,21-Aug-17,,"1,000,000.00","30,000,000.00",
409000357643',22-Aug-17,TRF FROM  Indiaforensic SERVICES,,22-Aug-17,,"1,000,000.00","31,000,000.00",
409000357643',23-Aug-17,TRF FROM  Indiaforensic SERVICES,,23-Aug-17,,"1,000,000.00","32,000,000.00",
409000357643',24-Aug-17,TRF FROM  Indiaforensic SERVICES,,24-Aug-17,,"1,000,000.00","33,000,000.00",
409000357643',25-Aug-17,TRF FROM  Indiaforensic SERVICES,,25-Aug-17,,"1,000,000.00","34,000,000.00",
409000357643',26-Aug-17,TRF FROM  Indiaforensic SERVICES,,26-Aug-17,,"1,000,000.00","35,000,000.00",
409000357643',27-Aug-17,TRF FROM  Indiaforensic SERVICES,,27-Aug-17,,"1,000,000.00","36,000,000.00",
409000357643',28-Aug-17,TRF FROM  Indiaforensic SERVICES,,28-Aug-17,,"1,000,000.00","37,000,000.00",
409000357643',29-Aug-17,TRF FROM  Indiaforensic SERVICES,,29-Aug-17,,"1,000,000.00","38,000,000.00",
409000357643',30-Aug-17,TRF FROM  Indiaforensic SERVICES,,30-Aug-17,,"1,000,000.00","39,000,000.00",
409000357643',31-Aug-17,TRF FROM  Indiaforensic SERVICES,,31-Aug-17,,"1,000,000.00","40,000,000.00",
409000357643',1-Sep-17,TRF FROM  Indiaforensic SERVICES,,1-Sep-17,,"1,000,000.00","41,000,000.00",
409000357643',2-Sep-17,TRF FROM  Indiaforensic SERVICES,,2-Sep-17,,"1,000,000.00","42,000,000.00",
409000357643',3-Sep-17,TRF FROM  Indiaforensic SERVICES,,3-Sep-17,,"1,000,000.00","43,000,000.00",
409000357643',4-Sep-17,TRF FROM  Indiaforensic SERVICES,,4-Sep-17,,"1,000,000.00","44,000,000.00",
409000357643',5-Sep-17,TRF FROM  Indiaforensic SERVICES,,5-Sep-17,,"1,000,000.00","45,000,000.00",
409000357643',6-Sep-17,TRF FROM  Indiaforensic SERVICES,,6-Sep-17,,"1,000,000.00","46,000,000.00",
409000357643',7-Sep-17,TRF FROM  Indiaforensic SERVICES,,7-Sep-17,,"1,000,000.00","47,000,000.00",
409000357643',8-Sep-17,TRF FROM  Indiaforensic SERVICES,,8-Sep-17,,"1,000,000.00","48,000,000.00",
409000357643',9-Sep-17,TRF FROM  Indiaforensic SERVICES,,9-Sep-17,,"1,000,000.00","49,000,000.00",
409000357643',10-Sep-17,TRF FROM  Indiaforensic SERVICES,,10-Sep-17,,"1,000,000.00","50,000,000.00",
409000357643',11-Sep-17,TRF FROM  Indiaforensic SERVICES,,11-Sep-17,,"1,000,000.00","51,000,000.00",
409000357643',12-Sep-17,TRF FROM  Indiaforensic SERVICES,,12-Sep-17,,"1,000,000.00","52,000,000.00",
409000357643',13-Sep-17,TRF FROM  Indiaforensic SERVICES,,13-Sep-17,,"1,000,000.00","53,000,000.00",
409000357643',14-Sep-17,TRF FROM  Indiaforensic SERVICES,,14-Sep-17,,"1,000,000.00","54,000,000.00",
409000357643',15-Sep-17,TRF FROM  Indiaforensic SERVICES,,15-Sep-17,,"1,000,000.00","55,000,000.00",
409000357643',16-Sep-17,TRF FROM  Indiaforensic SERVICES,,16-Sep-17,,"1,000,000.00","56,000,000.00",
409000357643',17-Sep-17,TRF FROM  Indiaforensic SERVICES,,17-Sep-17,,"1,000,000.00","57,000,000.00",
409000357643',18-Sep-17,TRF FROM  Indiaforensic SERVICES,,18-Sep-17,,"1,000,000.00","58,000,000.00",
409000357643',19-Sep-17,TRF FROM  Indiaforensic SERVICES,,19-Sep-17,,"1,000,000.00","59,000,000.00",
409000357643',20-Sep-17,TRF FROM  Indiaforensic SERVICES,,20-Sep-17,,"1,000,000.00","60,000,000.00",
409000357643',21-Sep-17,TRF FROM  Indiaforensic SERVICES,,21-Sep-17,,"1,000,000.00","61,000,000.00",
409000357643',22-Sep-17,TRF FROM  Indiaforensic SERVICES,,22-Sep-17,,"1,000,000.00","62,000,000.00",
409000357643',23-Sep-17,TRF FROM  Indiaforensic SERVICES,,23-Sep-17,,"1,000,000.00","63,000,000.00",
409000357643',24-Sep-17,TRF FROM  Indiaforensic SERVICES,,24-Sep-17,,"1,000,000.00","64,000,000.00",
409000357643',25-Sep-17,TRF FROM  Indiaforensic SERVICES,,25-Sep-17,,"1,000,000.00","65,000,000.00",
409000357643',26-Sep-17,TRF FROM  Indiaforensic SERVICES,,26-Sep-17,,"1,000,000.00","66,000,000.00",
409000357643',27-Sep-17,TRF FROM  Indiaforensic SERVICES,,27-Sep-17,,"1,000,000.00","67,000,000.00",
409000357643',28-Sep-17,TRF FROM  Indiaforensic SERVICES,,28-Sep-17,,"1,000,000.00","68,000,000.00",
409000357643',29-Sep-17,TRF FROM  Indiaforensic SERVICES,,29-Sep-17,,"1,000,000.00","69,000,000.00",
409000357643',30-Sep-17,TRF FROM  Indiaforensic SERVICES,,30-Sep-17,,"1,000,000.00","70,000,000.00",
409000357643',1-Oct-17,TRF FROM  Indiaforensic SERVICES,,1-Oct-17,,"1,000,000.00","71,000,000.00",
409000357643',2-Oct-17,TRF FROM  Indiaforensic SERVICES,,2-Oct-17,,"1,000,000.00","72,000,000.00",
409000357643',3-Oct-17,TRF FROM  Indiaforensic SERVICES,,3-Oct-17,,"1,000,000.00","73,000,000.00",
409000357643',4-Oct-17,TRF FROM  Indiaforensic SERVICES,,4-Oct-17,,"1,000,000.00","74,000,000.00",
409000357643',5-Oct-17,TRF FROM  Indiaforensic SERVICES,,5-Oct-17,,"1,000,000.00","75,000,000.00",
409000357643',6-Oct-17,TRF FROM  Indiaforensic SERVICES,,6-Oct-17,,"1,000,000.00","76,000,000.00",
409000357643',7-Oct-17,TRF FROM  Indiaforensic SERVICES,,7-Oct-17,,"1,000,000.00","77,000,000.00",
409000357643',8-Oct-17,TRF FROM  Indiaforensic SERVICES,,8-Oct-17,,"1,000,000.00","78,000,000.00",
409000357643',9-Oct-17,TRF FROM  Indiaforensic SERVICES,,9-Oct-17,,"1,000,000.00","79,000,000.00",
409000357643',10-Oct-17,TRF FROM  Indiaforensic SERVICES,,10-Oct-17,,"1,000,000.00","80,000,000.00",
409000357643',11-Oct-17,TRF FROM  Indiaforensic SERVICES,,11-Oct-17,,"1,000,000.00","81,000,000.00",
409000357643',12-Oct-17,TRF FROM  Indiaforensic SERVICES,,12-Oct-17,,"1,000,000.00","82,000,000.00",
409000357643',13-Oct-17,TRF FROM  Indiaforensic SERVICES,,13-Oct-17,,"1,000,000.00","83,000,000.00",
409000357643',14-Oct-17,TRF FROM  Indiaforensic SERVICES,,14-Oct-17,,"1,000,000.00","84,000,000.00",
409000357643',15-Oct-17,TRF FROM  Indiaforensic SERVICES,,15-Oct-17,,"1,000,000.00","85,000,000.00",
409000357643',16-Oct-17,TRF FROM  Indiaforensic SERVICES,,16-Oct-17,,"1,000,000.00","86,000,000.00",
409000357643',17-Oct-17,TRF FROM  Indiaforensic SERVICES,,17-Oct-17,,"1,000,000.00","87,000,000.00",
409000357643',18-Oct-17,TRF FROM  Indiaforensic SERVICES,,18-Oct-17,,"1,000,000.00","88,000,000.00",
409000357643',19-Oct-17,TRF FROM  Indiaforensic SERVICES,,19-Oct-17,,"1,000,000.00","89,000,000.00",
409000357643',20-Oct-17,TRF FROM  Indiaforensic SERVICES,,20-Oct-17,,"1,000,000.00","90,000,000.00",
409000357643',21-Oct-17,TRF FROM  Indiaforensic SERVICES,,21-Oct-17,,"1,000,000.00","91,000,000.00",
409000357643',22-Oct-17,TRF FROM  Indiaforensic SERVICES,,22-Oct-17,,"1,000,000.00","92,000,000.00",
409000357643',23-Oct-17,TRF FROM  Indiaforensic SERVICES,,23-Oct-17,,"1,000,000.00","93,000,000.00",
409000357643',24-Oct-17,TRF FROM  Indiaforensic SERVICES,,24-Oct-17,,"1,000,000.00","94,000,000.00",
409000357643',25-Oct-17,This is Fraud.Inc,,25-Oct-17,"93,000,000",,"1,000,000.00",
409006435865',29-Jun-17,TRF FROM  Indiaforensic SERVICES,,29-Jun-17,,"1,000,000.00","1,000,000.00",
409006435865',30-Jun-17,TRF FROM  Indiaforensic SERVICES,,30-Jun-17,,"1,000,000.00","2,000,000.00",
409006435865',1-Jul-17,TRF FROM  Indiaforensic SERVICES,,1-Jul-17,,"1,000,000.00","3,000,000.00",
409006435865',2-Jul-17,TRF FROM  Indiaforensic SERVICES,,2-Jul-17,,"1,000,000.00","4,000,000.00",
409006435865',3-Jul-17,This is Fraud.Inc,,3-Jul-17,"4,000,000","1,000,000.00","1,000,000.00",
409006435865',4-Jul-17,TRF FROM  Indiaforensic SERVICES,,4-Jul-17,,"1,000,000.00","2,000,000.00",
409006435865',5-Jul-17,TRF FROM  Indiaforensic SERVICES,,5-Jul-17,,"1,000,000.00","3,000,000.00",
409006435865',6-Jul-17,TRF FROM  Indiaforensic SERVICES,,6-Jul-17,,"1,000,000.00","4,000,000.00",
409006435865',7-Jul-17,TRF FROM  Indiaforensic SERVICES,,7-Jul-17,,"1,000,000.00","5,000,000.00",
409006435865',8-Jul-17,TRF FROM  Indiaforensic SERVICES,,8-Jul-17,,"1,000,000.00","6,000,000.00",
409006435865',9-Jul-17,TRF FROM  Indiaforensic SERVICES,,9-Jul-17,,"1,000,000.00","7,000,000.00",
409006435865',10-Jul-17,TRF FROM  Indiaforensic SERVICES,,10-Jul-17,,"1,000,000.00","8,000,000.00",
409006435865',11-Jul-17,TRF FROM  Indiaforensic SERVICES,,11-Jul-17,,"1,000,000.00","9,000,000.00",
409006435865',12-Jul-17,TRF FROM  Indiaforensic SERVICES,,12-Jul-17,,"1,000,000.00","10,000,000.00",
409006435865',13-Jul-17,TRF FROM  Indiaforensic SERVICES,,13-Jul-17,,,"10,000,000.00",
409006435865',14-Jul-17,TRF FROM  Indiaforensic SERVICES,,14-Jul-17,,"1,000,000.00","11,000,000.00",
409006435865',15-Jul-17,TRF FROM  Indiaforensic SERVICES,,15-Jul-17,,"1,000,000.00","12,000,000.00",
409006435865',16-Jul-17,TRF FROM  Indiaforensic SERVICES,,16-Jul-17,,"1,000,000.00","13,000,000.00",
409006435865',17-Jul-17,TRF FROM  Indiaforensic SERVICES,,17-Jul-17,,"1,000,000.00","14,000,000.00",
409006435865',18-Jul-17,TRF FROM  Indiaforensic SERVICES,,18-Jul-17,,"1,000,000.00","15,000,000.00",
409006435865',19-Jul-17,TRF FROM  Indiaforensic SERVICES,,19-Jul-17,,"1,000,000.00","16,000,000.00",
409006435865',20-Jul-17,TRF FROM  Indiaforensic SERVICES,,20-Jul-17,,"1,000,000.00","17,000,000.00",
409006435865',21-Jul-17,TRF FROM  Indiaforensic SERVICES,,21-Jul-17,,"1,000,000.00","18,000,000.00",
409006435865',22-Jul-17,This is Fraud.Inc,,22-Jul-17,"15,000,000.00","1,000,000.00","4,000,000.00",
409006435865',23-Jul-17,TRF FROM  Indiaforensic SERVICES,,23-Jul-17,,"1,000,000.00","5,000,000.00",
409006435865',24-Jul-17,TRF FROM  Indiaforensic SERVICES,,24-Jul-17,,"1,000,000.00","6,000,000.00",
409006435865',25-Jul-17,TRF FROM  Indiaforensic SERVICES,,25-Jul-17,,"1,000,000.00","7,000,000.00",
409006435865',26-Jul-17,TRF FROM  Indiaforensic SERVICES,,26-Jul-17,,"1,000,000.00","8,000,000.00",
409006435865',27-Jul-17,TRF FROM  Indiaforensic SERVICES,,27-Jul-17,,"1,000,000.00","9,000,000.00",
409006435865',28-Jul-17,TRF FROM  Indiaforensic SERVICES,,28-Jul-17,,"1,000,000.00","10,000,000.00",
409006435865',29-Jul-17,TRF FROM  Indiaforensic SERVICES,,29-Jul-17,,"1,000,000.00","11,000,000.00",
409006435865',30-Jul-17,TRF FROM  Indiaforensic SERVICES,,30-Jul-17,,"1,000,000.00","12,000,000.00",
409006435865',31-Jul-17,TRF FROM  Indiaforensic SERVICES,,31-Jul-17,,"1,000,000.00","13,000,000.00",
409006435865',1-Aug-17,TRF FROM  Indiaforensic SERVICES,,1-Aug-17,,"1,000,000.00","14,000,000.00",
409006435865',2-Aug-17,TRF FROM  Indiaforensic SERVICES,,2-Aug-17,,"1,000,000.00","15,000,000.00",
409006435865',3-Aug-17,TRF FROM  Indiaforensic SERVICES,,3-Aug-17,,"1,000,000.00","16,000,000.00",
409006435865',4-Aug-17,TRF FROM  Indiaforensic SERVICES,,4-Aug-17,,"1,000,000.00","17,000,000.00",
409006435865',5-Aug-17,TRF FROM  Indiaforensic SERVICES,,5-Aug-17,,"1,000,000.00","18,000,000.00",
409006435865',6-Aug-17,TRF FROM  Indiaforensic SERVICES,,6-Aug-17,,"1,000,000.00","19,000,000.00",
409006435865',7-Aug-17,TRF FROM  Indiaforensic SERVICES,,7-Aug-17,,"1,000,000.00","20,000,000.00",
409006435865',8-Aug-17,TRF FROM  Indiaforensic SERVICES,,8-Aug-17,,"1,000,000.00","21,000,000.00",
409006435865',9-Aug-17,TRF FROM  Indiaforensic SERVICES,,9-Aug-17,,"1,000,000.00","22,000,000.00",
409006435865',10-Aug-17,TRF FROM  Indiaforensic SERVICES,,10-Aug-17,,"1,000,000.00","23,000,000.00",
409006435865',11-Aug-17,TRF FROM  Indiaforensic SERVICES,,11-Aug-17,,"1,000,000.00","24,000,000.00",
409006435865',12-Aug-17,TRF FROM  Indiaforensic SERVICES,,12-Aug-17,,"1,000,000.00","25,000,000.00",
409006435865',13-Aug-17,TRF FROM  Indiaforensic SERVICES,,13-Aug-17,,"1,000,000.00","26,000,000.00",
409006435865',14-Aug-17,TRF FROM  Indiaforensic SERVICES,,14-Aug-17,,"1,000,000.00","27,000,000.00",
409006435865',15-Aug-17,TRF FROM  Indiaforensic SERVICES,,15-Aug-17,,"1,000,000.00","28,000,000.00",
409006435865',16-Aug-17,TRF FROM  Indiaforensic SERVICES,,16-Aug-17,,"1,000,000.00","29,000,000.00",
409006435865',17-Aug-17,TRF FROM  Indiaforensic SERVICES,,17-Aug-17,,"1,000,000.00","30,000,000.00",
409006435865',18-Aug-17,TRF FROM  Indiaforensic SERVICES,,18-Aug-17,,"1,000,000.00","31,000,000.00",
409006435865',19-Aug-17,TRF FROM  Indiaforensic SERVICES,,19-Aug-17,,"1,000,000.00","32,000,000.00",
409006435865',20-Aug-17,TRF FROM  Indiaforensic SERVICES,,20-Aug-17,,"1,000,000.00","33,000,000.00",
409006435865',21-Aug-17,TRF FROM  Indiaforensic SERVICES,,21-Aug-17,,"1,000,000.00","34,000,000.00",
409006435865',22-Aug-17,TRF FROM  Indiaforensic SERVICES,,22-Aug-17,,"1,000,000.00","35,000,000.00",
409006435865',23-Aug-17,TRF FROM  Indiaforensic SERVICES,,23-Aug-17,,"1,000,000.00","36,000,000.00",
409006435865',24-Aug-17,TRF FROM  Indiaforensic SERVICES,,24-Aug-17,,"1,000,000.00","37,000,000.00",
409006435865',25-Aug-17,TRF FROM  Indiaforensic SERVICES,,25-Aug-17,,"1,000,000.00","38,000,000.00",
409006435865',26-Aug-17,TRF FROM  Indiaforensic SERVICES,,26-Aug-17,,"1,000,000.00","39,000,000.00",
409006435865',27-Aug-17,TRF FROM  Indiaforensic SERVICES,,27-Aug-17,,"1,000,000.00","40,000,000.00",
409006435865',28-Aug-17,TRF FROM  Indiaforensic SERVICES,,28-Aug-17,,"1,000,000.00","41,000,000.00",
409006435865',29-Aug-17,TRF FROM  Indiaforensic SERVICES,,29-Aug-17,,"1,000,000.00","42,000,000.00",
409006435865',30-Aug-17,TRF FROM  Indiaforensic SERVICES,,30-Aug-17,,"1,000,000.00","43,000,000.00",
409006435865',31-Aug-17,TRF FROM  Indiaforensic SERVICES,,31-Aug-17,,"1,000,000.00","44,000,000.00",
409006435865',1-Sep-17,TRF FROM  Indiaforensic SERVICES,,1-Sep-17,,"1,000,000.00","45,000,000.00",
409006435865',2-Sep-17,TRF FROM  Indiaforensic SERVICES,,2-Sep-17,,"1,000,000.00","46,000,000.00",
409006435865',3-Sep-17,TRF FROM  Indiaforensic SERVICES,,3-Sep-17,,"1,000,000.00","47,000,000.00",
409006435865',4-Sep-17,TRF FROM  Indiaforensic SERVICES,,4-Sep-17,,"1,000,000.00","48,000,000.00",
409006435865',5-Sep-17,TRF FROM  Indiaforensic SERVICES,,5-Sep-17,,"1,000,000.00","49,000,000.00",
409006435865',6-Sep-17,TRF FROM  Indiaforensic SERVICES,,6-Sep-17,,"1,000,000.00","50,000,000.00",
409006435865',7-Sep-17,TRF FROM  Indiaforensic SERVICES,,7-Sep-17,,"1,000,000.00","51,000,000.00",
409006435865',8-Sep-17,TRF FROM  Indiaforensic SERVICES,,8-Sep-17,,"1,000,000.00","52,000,000.00",
409006435865',9-Sep-17,TRF FROM  Indiaforensic SERVICES,,9-Sep-17,,"1,000,000.00","53,000,000.00",
409006435865',10-Sep-17,TRF FROM  Indiaforensic SERVICES,,10-Sep-17,,"1,000,000.00","54,000,000.00",
409006435865',11-Sep-17,TRF FROM  Indiaforensic SERVICES,,11-Sep-17,,"1,000,000.00","55,000,000.00",
409006435865',12-Sep-17,TRF FROM  Indiaforensic SERVICES,,12-Sep-17,,"1,000,000.00","56,000,000.00",
409006435865',13-Sep-17,TRF FROM  Indiaforensic SERVICES,,13-Sep-17,,"1,000,000.00","57,000,000.00",
409006435865',14-Sep-17,TRF FROM  Indiaforensic SERVICES,,14-Sep-17,,"1,000,000.00","58,000,000.00",
409006435865',15-Sep-17,TRF FROM  Indiaforensic SERVICES,,15-Sep-17,,"1,000,000.00","59,000,000.00",
409006435865',16-Sep-17,TRF FROM  Indiaforensic SERVICES,,16-Sep-17,,"1,000,000.00","60,000,000.00",
409006435865',17-Sep-17,TRF FROM  Indiaforensic SERVICES,,17-Sep-17,,"1,000,000.00","61,000,000.00",
409006435865',18-Sep-17,TRF FROM  Indiaforensic SERVICES,,18-Sep-17,,"1,000,000.00","62,000,000.00",
409006435865',19-Sep-17,TRF FROM  Indiaforensic SERVICES,,19-Sep-17,,"1,000,000.00","63,000,000.00",
409006435865',20-Sep-17,TRF FROM  Indiaforensic SERVICES,,20-Sep-17,,"1,000,000.00","64,000,000.00",
409006435865',21-Sep-17,TRF FROM  Indiaforensic SERVICES,,21-Sep-17,,"1,000,000.00","65,000,000.00",
409006435865',22-Sep-17,TRF FROM  Indiaforensic SERVICES,,22-Sep-17,,"1,000,000.00","66,000,000.00",
409006435865',23-Sep-17,TRF FROM  Indiaforensic SERVICES,,23-Sep-17,,"1,000,000.00","67,000,000.00",
409006435865',24-Sep-17,TRF FROM  Indiaforensic SERVICES,,24-Sep-17,,"1,000,000.00","68,000,000.00",
409006435865',25-Sep-17,TRF FROM  Indiaforensic SERVICES,,25-Sep-17,,"1,000,000.00","69,000,000.00",
409006435865',26-Sep-17,TRF FROM  Indiaforensic SERVICES,,26-Sep-17,,"1,000,000.00","70,000,000.00",
409006435865',27-Sep-17,TRF FROM  Indiaforensic SERVICES,,27-Sep-17,,"1,000,000.00","71,000,000.00",
409006435865',28-Sep-17,TRF FROM  Indiaforensic SERVICES,,28-Sep-17,,"1,000,000.00","72,000,000.00",
409006435865',29-Sep-17,TRF FROM  Indiaforensic SERVICES,,29-Sep-17,,"1,000,000.00","73,000,000.00",
409006435865',30-Sep-17,TRF FROM  Indiaforensic SERVICES,,30-Sep-17,,"1,000,000.00","74,000,000.00",
409006435865',1-Oct-17,TRF FROM  Indiaforensic SERVICES,,1-Oct-17,,"1,000,000.00","75,000,000.00",
409006435865',2-Oct-17,TRF FROM  Indiaforensic SERVICES,,2-Oct-17,,"1,000,000.00","76,000,000.00",
409006435865',3-Oct-17,TRF FROM  Indiaforensic SERVICES,,3-Oct-17,,"1,000,000.00","77,000,000.00",
409006435865',4-Oct-17,TRF FROM  Indiaforensic SERVICES,,4-Oct-17,,"1,000,000.00","78,000,000.00",
409006435865',5-Oct-17,TRF FROM  Indiaforensic SERVICES,,5-Oct-17,,"1,000,000.00","79,000,000.00",
409006435865',6-Oct-17,TRF FROM  Indiaforensic SERVICES,,6-Oct-17,,"1,000,000.00","80,000,000.00",
409006435865',7-Oct-17,TRF FROM  Indiaforensic SERVICES,,7-Oct-17,,"1,000,000.00","81,000,000.00",
409006435865',8-Oct-17,TRF FROM  Indiaforensic SERVICES,,8-Oct-17,,"1,000,000.00","82,000,000.00",
409006435865',9-Oct-17,TRF FROM  Indiaforensic SERVICES,,9-Oct-17,,"1,000,000.00","83,000,000.00",
409006435865',10-Oct-17,TRF FROM  Indiaforensic SERVICES,,10-Oct-17,,"1,000,000.00","84,000,000.00",
409006435865',11-Oct-17,TRF FROM  Indiaforensic SERVICES,,11-Oct-17,,"1,000,000.00","85,000,000.00",
409006435865',12-Oct-17,TRF FROM  Indiaforensic SERVICES,,12-Oct-17,,"1,000,000.00","86,000,000.00",
409006435865',13-Oct-17,TRF FROM  Indiaforensic SERVICES,,13-Oct-17,,"1,000,000.00","87,000,000.00",
409006435865',14-Oct-17,TRF FROM  Indiaforensic SERVICES,,14-Oct-17,,"1,000,000.00","88,000,000.00",
409006435865',15-Oct-17,TRF FROM  Indiaforensic SERVICES,,15-Oct-17,,"1,000,000.00","89,000,000.00",
409006435865',16-Oct-17,TRF FROM  Indiaforensic SERVICES,,16-Oct-17,,"1,000,000.00","90,000,000.00",
409006435865',17-Oct-17,TRF FROM  Indiaforensic SERVICES,,17-Oct-17,,"1,000,000.00","91,000,000.00",
409006435865',18-Oct-17,TRF FROM  Indiaforensic SERVICES,,18-Oct-17,,"1,000,000.00","92,000,000.00",
409006435865',19-Oct-17,TRF FROM  Indiaforensic SERVICES,,19-Oct-17,,"1,000,000.00","93,000,000.00",
409006435865',20-Oct-17,TRF FROM  Indiaforensic SERVICES,,20-Oct-17,,"1,000,000.00","94,000,000.00",
409006435865',21-Oct-17,TRF FROM  Indiaforensic SERVICES,,21-Oct-17,,"1,000,000.00","95,000,000.00",
409006435865',22-Oct-17,TRF FROM  Indiaforensic SERVICES,,22-Oct-17,,"1,000,000.00","96,000,000.00",
409006435865',23-Oct-17,TRF FROM  Indiaforensic SERVICES,,23-Oct-17,,"1,000,000.00","97,000,000.00",
409006435865',24-Oct-17,TRF FROM  Indiaforensic SERVICES,,24-Oct-17,,"1,000,000.00","98,000,000.00",
409006435865',25-Oct-17,TRF FROM  Indiaforensic SERVICES,,25-Oct-17,,"1,000,000.00","99,000,000.00",
409006435865',26-Oct-17,TRF FROM  Indiaforensic SERVICES,,26-Oct-17,,"1,000,000.00","100,000,000.00",
409006435865',27-Oct-17,TRF FROM  Indiaforensic SERVICES,,27-Oct-17,,"1,000,000.00","101,000,000.00",
409006435865',28-Oct-17,TRF FROM  Indiaforensic SERVICES,,28-Oct-17,,"1,000,000.00","102,000,000.00",
409006435865',29-Oct-17,TRF FROM  Indiaforensic SERVICES,,29-Oct-17,,"1,000,000.00","103,000,000.00",
409006435865',30-Oct-17,TRF FROM  Indiaforensic SERVICES,,30-Oct-17,,"1,000,000.00","104,000,000.00",
409006435865',31-Oct-17,TRF FROM  Indiaforensic SERVICES,,31-Oct-17,,"1,000,000.00","105,000,000.00",
409006435865',1-Nov-17,TRF FROM  Indiaforensic SERVICES,,1-Nov-17,,"1,000,000.00","106,000,000.00",
409006435865',2-Nov-17,TRF FROM  Indiaforensic SERVICES,,2-Nov-17,,"1,000,000.00","107,000,000.00",
409006435865',3-Nov-17,TRF FROM  Indiaforensic SERVICES,,3-Nov-17,,"1,000,000.00","108,000,000.00",
409006435865',4-Nov-17,TRF FROM  Indiaforensic SERVICES,,4-Nov-17,,"1,000,000.00","109,000,000.00",
409006435865',5-Nov-17,TRF FROM  Indiaforensic SERVICES,,5-Nov-17,,"1,000,000.00","110,000,000.00",
409006435865',6-Nov-17,TRF FROM  Indiaforensic SERVICES,,6-Nov-17,,"1,000,000.00","111,000,000.00",
409006435865',7-Nov-17,TRF FROM  Indiaforensic SERVICES,,7-Nov-17,,"1,000,000.00","112,000,000.00",
409006435865',8-Nov-17,TRF FROM  Indiaforensic SERVICES,,8-Nov-17,,"1,000,000.00","113,000,000.00",
409006435865',9-Nov-17,TRF FROM  Indiaforensic SERVICES,,9-Nov-17,,"1,000,000.00","114,000,000.00",
409006435865',10-Nov-17,TRF FROM  Indiaforensic SERVICES,,10-Nov-17,,"1,000,000.00","115,000,000.00",
409006435865',11-Nov-17,TRF FROM  Indiaforensic SERVICES,,11-Nov-17,,"1,000,000.00","116,000,000.00",
409006435865',12-Nov-17,TRF FROM  Indiaforensic SERVICES,,12-Nov-17,,"1,000,000.00","117,000,000.00",
409006435865',13-Nov-17,TRF FROM  Indiaforensic SERVICES,,13-Nov-17,,"1,000,000.00","118,000,000.00",
409006435865',14-Nov-17,TRF FROM  Indiaforensic SERVICES,,14-Nov-17,,"1,000,000.00","119,000,000.00",
409006435865',15-Nov-17,TRF FROM  Indiaforensic SERVICES,,15-Nov-17,,"1,000,000.00","120,000,000.00",
409006435865',16-Nov-17,TRF FROM  Indiaforensic SERVICES,,16-Nov-17,,"1,000,000.00","121,000,000.00",
409006435865',17-Nov-17,This is Fraud.Inc,,17-Nov-17,"100,000,000.00","1,000,000.00","2,000,000.00",
409006435865',18-Nov-17,TRF FROM  Indiaforensic SERVICES,,18-Nov-17,,"1,000,000.00","3,000,000.00",
